<?xml version="1.0" encoding="UTF-8"?><Document xmlns="urn:iso:std:iso:20022:tech:xsd:pain.008.002.02" xmlns:xsi="http://www.w3.org/2001/XMLSchema-instance"><CstmrDrctDbtInitn><GrpHdr><MsgId>20201013025821-745affd65b88</MsgId><CreDtTm>2020-10-13T14:58:21</CreDtTm><NbOfTxs>2</NbOfTxs><CtrlSum>21.53</CtrlSum><InitgPty><Nm>Test von Testenstein</Nm><Id><OrgId><Othr><Id>DE26ZZZ00000000000</Id></Othr></OrgId></Id></InitgPty></GrpHdr><PmtInf><PmtInfId>TestvonTestenstein-6aadfa39dc3b</PmtInfId><PmtMtd>DD</PmtMtd><BtchBookg>true</BtchBookg><NbOfTxs>2</NbOfTxs><CtrlSum>21.53</CtrlSum><PmtTpInf><SvcLvl><Cd>SEPA</Cd></SvcLvl><LclInstrm><Cd>CORE</Cd></LclInstrm><SeqTp>RCUR</SeqTp></PmtTpInf><ReqdColltnDt>2020-10-13</ReqdColltnDt><Cdtr><Nm>Test von Testenstein</Nm></Cdtr><CdtrAcct><Id><IBAN>NL50BANK1234567890</IBAN></Id></CdtrAcct><CdtrAgt><FinInstnId><BIC>BANKNL2A</BIC></FinInstnId></CdtrAgt><ChrgBr>SLEV</ChrgBr><CdtrSchmeId><Id><PrvtId><Othr><Id>DE26ZZZ00000000000</Id><SchmeNm><Prtry>SEPA</Prtry></SchmeNm></Othr></PrvtId></Id></CdtrSchmeId><DrctDbtTxInf><PmtId><EndToEndId>TestvonTestenstein-b18a446f9b1e</EndToEndId></PmtId><InstdAmt Ccy="EUR">0.01</InstdAmt><DrctDbtTx><MndtRltdInf><MndtId>53012312</MndtId><DtOfSgntr>2018-01-31</DtOfSgntr></MndtRltdInf></DrctDbtTx><DbtrAgt><FinInstnId><BIC>BYLEEEM1005</BIC></FinInstnId></DbtrAgt><Dbtr><Nm>Joern Balten</Nm></Dbtr><DbtrAcct><Id><IBAN>DE12345667789123959696</IBAN></Id></DbtrAcct><RmtInf><Ustrd>R9875642123 07.2020 100.solarhaus Vertrag: 2020202</Ustrd></RmtInf></DrctDbtTxInf><DrctDbtTxInf><PmtId><EndToEndId>TestvonTestenstein-130aeb242a64</EndToEndId></PmtId><InstdAmt Ccy="EUR">21.52</InstdAmt><DrctDbtTx><MndtRltdInf><MndtId>53009999</MndtId><DtOfSgntr>2018-01-17</DtOfSgntr></MndtRltdInf></DrctDbtTx><DbtrAgt><FinInstnId><BIC>BYLEEEM1005</BIC></FinInstnId></DbtrAgt><Dbtr><Nm>Maex Musstermann</Nm></Dbtr><DbtrAcct><Id><IBAN>DE09786512312412341232</IBAN></Id></DbtrAcct><RmtInf><Ustrd>R0000000004 07.2020 100.solarhaus Vertrag: 2987653</Ustrd></RmtInf></DrctDbtTxInf></PmtInf></CstmrDrctDbtInitn></Document>