<?xml version="1.0" encoding="UTF-8"?><Document xmlns="urn:iso:std:iso:20022:tech:xsd:pain.001.001.03" xmlns:xsi="http://www.w3.org/2001/XMLSchema-instance"><CstmrCdtTrfInitn><GrpHdr><MsgId>20201013025821-aa18c1c6133e</MsgId><CreDtTm>2020-10-13T14:58:21</CreDtTm><NbOfTxs>1</NbOfTxs><CtrlSum>900.01</CtrlSum><InitgPty><Nm>Test von Testenstein</Nm></InitgPty></GrpHdr><PmtInf><PmtInfId>TestvonTestenstein-ff3c6496452a</PmtInfId><PmtMtd>TRF</PmtMtd><BtchBookg>true</BtchBookg><NbOfTxs>1</NbOfTxs><CtrlSum>900.01</CtrlSum><PmtTpInf><SvcLvl><Cd>SEPA</Cd></SvcLvl></PmtTpInf><ReqdExctnDt>2020-10-13</ReqdExctnDt><Dbtr><Nm>Test von Testenstein</Nm></Dbtr><DbtrAcct><Id><IBAN>NL50BANK1234567890</IBAN></Id></DbtrAcct><DbtrAgt><FinInstnId><BIC>BANKNL2A</BIC></FinInstnId></DbtrAgt><ChrgBr>SLEV</ChrgBr><CdtTrfTxInf><PmtId><EndToEndId>NOTPROVIDED</EndToEndId></PmtId><Amt><InstdAmt Ccy="EUR">900.01</InstdAmt></Amt><CdtrAgt><FinInstnId><BIC>BYLEEEM1005</BIC></FinInstnId></CdtrAgt><Cdtr><Nm>Peter Pan</Nm></Cdtr><CdtrAcct><Id><IBAN>DE71278417824781247878</IBAN></Id></CdtrAcct><RmtInf><Ustrd>R1010101022 07.2020 100.solarhaus Vertrag: 2222222</Ustrd></RmtInf></CdtTrfTxInf></PmtInf></CstmrCdtTrfInitn></Document>